<record><leader>00000cas a2200000 a 4500</leader><controlfield tag="001">9257514</controlfield><controlfield tag="008">830225d18391842meudn ne      0    0eng  </controlfield><datafield ind1=" " ind2=" " tag="010"><subfield code="a">sn 83009659 </subfield></datafield><datafield ind1=" " ind2=" " tag="040"><subfield code="a">DLC</subfield><subfield code="b">eng</subfield><subfield code="c">DLC</subfield><subfield code="d">NPX</subfield><subfield code="d">NPU</subfield><subfield code="d">NPY</subfield><subfield code="d">DLC</subfield><subfield code="d">YOX</subfield><subfield code="d">MGN</subfield><subfield code="d">MBN</subfield><subfield code="d">OCL</subfield><subfield code="d">DLC</subfield><subfield code="d">OCLCQ</subfield><subfield code="d">OCLCO</subfield><subfield code="d">OCLCF</subfield><subfield code="d">CUS</subfield></datafield><datafield ind1=" " ind2=" " tag="042"><subfield code="a">pcc</subfield></datafield><datafield ind1=" " ind2=" " tag="043"><subfield code="a">n-us-me</subfield></datafield><datafield ind1="0" ind2="0" tag="050"><subfield code="a">Newspaper</subfield></datafield><datafield ind1="0" ind2=" " tag="130"><subfield code="a">Portland evening advertiser (Portland, Me. : 1839)</subfield></datafield><datafield ind1="1" ind2="0" tag="245"><subfield code="a">Portland evening advertiser.</subfield></datafield><datafield ind1="1" ind2="3" tag="246"><subfield code="a">Portland advertiser</subfield></datafield><datafield ind1=" " ind2=" " tag="260"><subfield code="a">Portland, Me. :</subfield><subfield code="b">Gerrish &amp; Edwards</subfield></datafield><datafield ind1=" " ind2=" " tag="300"><subfield code="a">volumes :</subfield><subfield code="b">illustrations ;</subfield><subfield code="c">51 cm.</subfield></datafield><datafield ind1=" " ind2=" " tag="310"><subfield code="a">Daily (except Sunday)</subfield></datafield><datafield ind1=" " ind2=" " tag="336"><subfield code="a">text</subfield><subfield code="b">txt</subfield><subfield code="2">rdacontent</subfield></datafield><datafield ind1=" " ind2=" " tag="337"><subfield code="a">unmediated</subfield><subfield code="b">n</subfield><subfield code="2">rdamedia</subfield></datafield><datafield ind1=" " ind2=" " tag="338"><subfield code="a">volume</subfield><subfield code="b">nc</subfield><subfield code="2">rdacarrier</subfield></datafield><datafield ind1="0" ind2=" " tag="362"><subfield code="a">Vol. 9, no. 128 (July 1, 1839)-v. 12, no. 251 (Sept. 20, 1842).</subfield></datafield><datafield ind1=" " ind2=" " tag="500"><subfield code="a">"Evening" appears within title ornament.</subfield></datafield><datafield ind1=" " ind2=" " tag="530"><subfield code="a">Also issued on microfilm from the Library of Congress, Photoduplication Service.</subfield></datafield><datafield ind1=" " ind2=" " tag="580"><subfield code="a">Weekly eds.: Portland advertiser and gazette of Maine (Portland, Me. : Weekly); Portland advertiser (Portland, Me. : 1841 : Weekly).</subfield></datafield><datafield ind1=" " ind2=" " tag="580"><subfield code="a">Semiweekly eds.: Portland advertiser and gazette of Maine (Portland, Me. : Semiweekly); Portland advertiser (Portland, Me. : 1841 : Semiweekly).</subfield></datafield><datafield ind1=" " ind2="0" tag="651"><subfield code="a">Portland (Me.)</subfield><subfield code="v">Newspapers.</subfield></datafield><datafield ind1=" " ind2="7" tag="651"><subfield code="a">Maine</subfield><subfield code="z">Portland.</subfield><subfield code="2">fast</subfield><subfield code="0">(OCoLC)fst01213254</subfield></datafield><datafield ind1=" " ind2="7" tag="655"><subfield code="a">Newspapers.</subfield><subfield code="2">fast</subfield><subfield code="0">(OCoLC)fst01423814</subfield></datafield><datafield ind1=" " ind2=" " tag="752"><subfield code="a">United States</subfield><subfield code="b">Maine</subfield><subfield code="c">Cumberland</subfield><subfield code="d">Portland.</subfield></datafield><datafield ind1="1" ind2=" " tag="775"><subfield code="t">Portland advertiser (Portland, Me. : 1841 : Weekly)</subfield><subfield code="w">(DLC)sn 83009674</subfield><subfield code="w">(OCoLC)9262681</subfield></datafield><datafield ind1="1" ind2=" " tag="775"><subfield code="t">Portland advertiser and gazette of Maine (Portland, Me. : Weekly)</subfield><subfield code="w">(DLC)sn 83009675</subfield><subfield code="w">(OCoLC)9262851</subfield></datafield><datafield ind1="1" ind2=" " tag="775"><subfield code="t">Portland advertiser (Portland, Me. : 1841 : Semiweekly)</subfield><subfield code="w">(DLC)sn 83009661</subfield><subfield code="w">(OCoLC)9258047</subfield></datafield><datafield ind1="1" ind2=" " tag="775"><subfield code="t">Portland advertiser and gazette of Maine (Portland, Me. : Semiweekly)</subfield><subfield code="w">(DLC)sn 83009662</subfield><subfield code="w">(OCoLC)9258096</subfield></datafield><datafield ind1="0" ind2="0" tag="780"><subfield code="t">Daily evening advertiser (Portland, Me.)</subfield><subfield code="w">(DLC)sn 83009656</subfield><subfield code="w">(OCoLC)9252735</subfield></datafield><datafield ind1="0" ind2="0" tag="785"><subfield code="t">Portland daily advertiser (Portland, Me. : 1842)</subfield><subfield code="w">(DLC)sn 83009660</subfield><subfield code="w">(OCoLC)9257914</subfield></datafield><datafield ind1="1" ind2=" " tag="029"><subfield code="a">AU@</subfield><subfield code="b">000020121179</subfield></datafield></record>